<?xml version="1.0" encoding="UTF-8"?><collection xmlns="http://www.loc.gov/MARC21/slim"><record><leader>00561nam--2200205-u-4500</leader><controlfield tag="001">000052937</controlfield><controlfield tag="002">20161230</controlfield><controlfield tag="005">20161230201050</controlfield><controlfield tag="008">101130s1000------------r-----000-0-eng-d</controlfield><datafield ind1=" " ind2=" " tag="020"><subfield code="a">0198506120</subfield></datafield><datafield ind1=" " ind2=" " tag="040"><subfield code="a">IFIN-HH</subfield></datafield><datafield ind1=" " ind2=" " tag="080"><subfield code="a">538.958:535.3</subfield></datafield><datafield ind1="1" ind2=" " tag="100"><subfield code="a">Fox, Mark</subfield></datafield><datafield ind1="1" ind2="0" tag="245"><subfield code="a">Optical properties of solids</subfield><subfield code="c">Mark fox</subfield></datafield><datafield ind1=" " ind2=" " tag="260"><subfield code="a">Oxford</subfield><subfield code="b">Oxford University Press</subfield><subfield code="c">2004</subfield></datafield><datafield ind1=" " ind2=" " tag="300"><subfield code="a">305P</subfield></datafield><datafield ind1=" " ind2=" " tag="490"><subfield code="a">Oxford Master Series In Condensed Matter Physics</subfield></datafield><datafield ind1=" " ind2="0" tag="650"><subfield code="a">Solids</subfield><subfield code="x">Optical properties</subfield></datafield><datafield ind1=" " ind2=" " tag="852"><subfield code="a">81567</subfield><subfield code="c">538.9</subfield></datafield><datafield ind1=" " ind2=" " tag="CAT"><subfield code="a">Sys</subfield><subfield code="c">20101130</subfield><subfield code="h">083933</subfield></datafield></record></collection>